<?xml version="1.0" encoding="UTF-8"?><collection xmlns="http://www.loc.gov/MARC21/slim"><record><leader>00420nam--2200145-i-4500</leader><controlfield tag="001">000004338</controlfield><controlfield tag="002">20161230</controlfield><controlfield tag="005">20170222181637</controlfield><controlfield tag="008">060222s1000------------r-----000-0-eng-d</controlfield><datafield ind1=" " ind2=" " tag="100"><subfield code="a">Colebrook, F. M</subfield></datafield><datafield ind1=" " ind2=" " tag="245"><subfield code="a">Basic mathematics for radio and electronics. Foreword by prof. G.W.O.Howe. 3-rd edition</subfield></datafield><datafield ind1=" " ind2=" " tag="260"><subfield code="a">London</subfield><subfield code="b">Iliffe &amp; Sons Ltd</subfield><subfield code="c">1957</subfield></datafield><datafield ind1=" " ind2=" " tag="300"><subfield code="a">359 p</subfield></datafield><datafield ind1=" " ind2=" " tag="700"><subfield code="a">Head, J. W</subfield></datafield><datafield ind1=" " ind2=" " tag="CAT"><subfield code="a">SYS</subfield><subfield code="c">20170222</subfield><subfield code="h">181637</subfield></datafield></record></collection>